@conference{conll2006,
  title={{CoNLL-X shared task on multilingual dependency parsing}},
  author={Buchholz, Sabine and Marsi, Erwin},
  booktitle={Proc. of {C}o{NLL}},
  year={2006}
}
@conference{conll2007,
  title={{The CoNLL 2007 shared task on dependency parsing}},
   author = {Nivre, Joakim and Hall, Johan and K\"{u}bler, Sandra and Mcdonald, Ryan and Nilsson, Jens and Riedel, Sebastian and Yuret, Deniz},
  booktitle={Proc. of EMNLP-CoNLL},
  year={2007}
}

@inproceedings{malt,
	title = {{MaltParser}: A Data-Driven Parser-Generator for Dependency
   Parsing},
	booktitle = {Proc. of LREC},
	author = {Joakim Nivre and Johan Hall and Jens Nillson},
	year = {2006},
},

@conference{mst,
	Author = {Ryan McDonald and Koby Crammer and Fernando Pereira},
	Booktitle = {Proc of ACL},
	Title = {Online Large-Margin Training of Dependency Parsers},
	Year = {2005}}


@inproceedings{nivre-mcdonald,
	Address = {Columbus, Ohio},
	Author = {Nivre, Joakim and McDonald, Ryan},
	Booktitle = {Proc. of ACL},
	Month = {June},
	Pages = {950--958},
	Publisher = {Association for Computational Linguistics},
	Title = {Integrating Graph-Based and Transition-Based Dependency Parsers},
	Year = {2008}}
   

@conference{mst2nd,
	Author = {Ryan McDonald and Fernando Pereira},
	Booktitle = {Proc of EACL},
	Title = {Online Learning of Approximate Dependency Parsing Algorithms},
	Year = {2006}}
   

@conference{kenji-reparsing,
	Author = {Kenji Sagae and Alon Lavie},
	Booktitle = {Proc of NAACL},
	Title = {Parser Combination by Reparsing},
	Year = {2006}}
   

@inproceedings{xavier,
	Author = {Carreras, Xavier},
	Booktitle = {Proc. of CoNLL Shared Task, EMNLP-CoNLL},
   year={2007},
	Title = {Experiments with a Higher-Order Projective Dependency Parser}}
   

@inproceedings{ilp,
	Author = {Riedel, Sebastian and Clarke, James},
	Booktitle = {Proc. of EMNLP 2006},
	Month = {July},
	Title = {Incremental Integer Linear Programming for Non-projective Dependency Parsing},
	Year = {2006}}


@conference{global-gibbs,
	Author = {Tetsuji Nakagawa},
	Booktitle = {Proc. of EMNLP-CoNLL},
	Title = {Multilingual Dependency Parsing using Global Features},
	Year = {2007}}
   

@conference{shen-bidi,
	Author = {Libin Shen and Giorgio Satta and Aravind K. Joshi},
	Booktitle = {Proc of ACL},
	Title = {Guided Learning for Bidirectional Sequence Classification},
	Year = {2007}}
   
@conference{shen-ltag,
	Author = {Libin Shen and Aravind K. Joshi},
	Booktitle = {Proc of EMNLP},
	Title = {LTAG Dependency Parsing with Bidirectional Incremental Construction},
	Year = {2008}}
   

@conference{collins-percep,
	Author = {Michael Collins},
	Booktitle = {Proc of EMNLP},
	Title = {Discriminative Training Methods for Hidden Markov Models: Theory and Experiments with Perceptron Algorithms},
	Year = {2002}}


@conference{yamada-matsumoto,
	Author = {Yamada and Matsumoto},
	Title = {Statistical Dependency Analysis With Support Vector Machines},
   booktitle={Proc. of IWPT},
   Year={2003}}
   
   

@inproceedings{sagae-beam,
	Author = {Kenji Sagae and Alon Lavie},
	Booktitle = {Proc of ACL},
	Title = {A Best-First Probabilistic Shift-Reduce Parser},
	Year = {2006}}
   

@inproceedings{tale-two-parsers,
	Author = {Yue Zhang and Stephen Clark},
	Booktitle = {Proc of EMNLP},
	Title = {A Tale of Two Parsers: investigating and combining graph-based and transition-based dependency parsing using beam-search},
	Year = {2008}}
   

@inproceedings{arc-eager,
	Author = {Joakim Nivre},
	Booktitle = {Incremental Parsing: Bringing Engineering and Cognition Together, ACL-Workshop},
	Title = {Incrementality in Deterministic Dependency Parsing},
	Year = {2004}}
   

@inproceedings{wenbin-arcstandard,
	Author = {Liang Huang and Wenbin Jiang and Qun Liu},
	Booktitle = {Proc of EMNLP},
	Title = {Bilingually-Constrained (Monolingual) Shift-Reduce Parsing},
	Year = {2009}}
   

@inproceedings{pennconverter,
	Author = {Richard Johansson and Pierre Nugues},
	Booktitle = {Proc of NODALIDA},
	Title = {Extended Constituent-to-Dependency Conversion for English},
	Year = {2007}}
   
@inproceedings{titov,
	Author = {Ivan Titov and James Henderson},
	Booktitle = {Proc. of {EMNLP-CoNLL}},
	Title = {Fast and Robust Multilingual Dependency Parsing with a Generative Latent Variable Model},
	Year = {2007}}
   

@inproceedings{TDS,
	Author = {Federico Sangati and Chiara Mazza},
	Booktitle = {Proc of TLT8},
	Title = {An English Dependency Treebank  {\`a} la Tesni{\`e}re},
	Year = {2009}}
   
@inproceedings{nivre-mcdonald-errors,
	Author = {Ryan McDonald and Joakim Nivre},
	Booktitle = {Proc. of EMNLP},
	Title = {Characterizing the Errors of Data-Driven Dependency Parsing Models},
	Year = {2007}}

@inproceedings{vine-parsing-conll,
 author = {Dreyer, Markus and Smith, David A. and Smith, Noah A.},
 title = {Vine parsing and minimum risk reranking for speed and precision},
 booktitle = {{Proc. of CoNLL}},
 year = {2006},
 pages = {201--205},
 location = {New York City, New York},
 publisher = {Association for Computational Linguistics},
 address = {Morristown, NJ, USA},
 }

@inproceedings{smith-deplength,
   author={Jason Eisner and Noah A. Smith},
   title={arsing with soft and hard constraints on dependency length},
   booktitle={Proc. of IWPT},
   year={2005},
}
